%YAML 1.1
%TAG !u! tag:unity3d.com,2011:
--- !u!1 &5475028350798791216
GameObject:
  m_ObjectHideFlags: 0
  m_CorrespondingSourceObject: {fileID: 0}
  m_PrefabInstance: {fileID: 0}
  m_PrefabAsset: {fileID: 0}
  serializedVersion: 6
  m_Component:
  - component: {fileID: 2413064210022450462}
  m_Layer: 0
  m_Name: Delta
  m_TagString: Untagged
  m_Icon: {fileID: 0}
  m_NavMeshLayer: 0
  m_StaticEditorFlags: 0
  m_IsActive: 1
--- !u!4 &2413064210022450462
Transform:
  m_ObjectHideFlags: 0
  m_CorrespondingSourceObject: {fileID: 0}
  m_PrefabInstance: {fileID: 0}
  m_PrefabAsset: {fileID: 0}
  m_GameObject: {fileID: 5475028350798791216}
  m_LocalRotation: {x: -0, y: -0, z: -0, w: 1}
  m_LocalPosition: {x: 0, y: 0, z: -0.65}
  m_LocalScale: {x: 1, y: 1, z: 1}
  m_Children:
  - {fileID: 8213095902575429741}
  - {fileID: 8211485347695155119}
  - {fileID: 8211485346270611293}
  - {fileID: 8211485346254910902}
  - {fileID: 2861759389990463037}
  m_Father: {fileID: 8383723552173792675}
  m_RootOrder: 0
  m_LocalEulerAnglesHint: {x: 0, y: 0, z: 0}
--- !u!1 &7309701208868302258
GameObject:
  m_ObjectHideFlags: 0
  m_CorrespondingSourceObject: {fileID: 0}
  m_PrefabInstance: {fileID: 0}
  m_PrefabAsset: {fileID: 0}
  serializedVersion: 6
  m_Component:
  - component: {fileID: 8383723552173792675}
  m_Layer: 0
  m_Name: Pivot
  m_TagString: Untagged
  m_Icon: {fileID: 0}
  m_NavMeshLayer: 0
  m_StaticEditorFlags: 0
  m_IsActive: 1
--- !u!4 &8383723552173792675
Transform:
  m_ObjectHideFlags: 0
  m_CorrespondingSourceObject: {fileID: 0}
  m_PrefabInstance: {fileID: 0}
  m_PrefabAsset: {fileID: 0}
  m_GameObject: {fileID: 7309701208868302258}
  m_LocalRotation: {x: 0, y: 0, z: 0, w: 1}
  m_LocalPosition: {x: 0, y: 0, z: 0.65}
  m_LocalScale: {x: 1, y: 1, z: 1}
  m_Children:
  - {fileID: 2413064210022450462}
  m_Father: {fileID: 8211485347299903212}
  m_RootOrder: 0
  m_LocalEulerAnglesHint: {x: 0, y: 0, z: 0}
--- !u!1 &7970956175695327687
GameObject:
  m_ObjectHideFlags: 0
  m_CorrespondingSourceObject: {fileID: 0}
  m_PrefabInstance: {fileID: 0}
  m_PrefabAsset: {fileID: 0}
  serializedVersion: 6
  m_Component:
  - component: {fileID: 4965042255886705041}
  - component: {fileID: 4792177311872606848}
  m_Layer: 0
  m_Name: Magnet
  m_TagString: Untagged
  m_Icon: {fileID: 0}
  m_NavMeshLayer: 0
  m_StaticEditorFlags: 0
  m_IsActive: 1
--- !u!4 &4965042255886705041
Transform:
  m_ObjectHideFlags: 0
  m_CorrespondingSourceObject: {fileID: 0}
  m_PrefabInstance: {fileID: 0}
  m_PrefabAsset: {fileID: 0}
  m_GameObject: {fileID: 7970956175695327687}
  m_LocalRotation: {x: 0, y: 0, z: 0, w: 1}
  m_LocalPosition: {x: 0, y: 0, z: 0.5}
  m_LocalScale: {x: 1, y: 1, z: 1}
  m_Children: []
  m_Father: {fileID: 8211485347299903212}
  m_RootOrder: 1
  m_LocalEulerAnglesHint: {x: 0, y: 0, z: 0}
--- !u!114 &4792177311872606848
MonoBehaviour:
  m_ObjectHideFlags: 0
  m_CorrespondingSourceObject: {fileID: 0}
  m_PrefabInstance: {fileID: 0}
  m_PrefabAsset: {fileID: 0}
  m_GameObject: {fileID: 7970956175695327687}
  m_Enabled: 1
  m_EditorHideFlags: 0
  m_Script: {fileID: 11500000, guid: adc393fb005d908418579c1218d8b009, type: 3}
  m_Name: 
  m_EditorClassIdentifier: 
  m_Stength: 10
  m_Radius: 2
--- !u!1 &8211485346254910903
GameObject:
  m_ObjectHideFlags: 0
  m_CorrespondingSourceObject: {fileID: 0}
  m_PrefabInstance: {fileID: 0}
  m_PrefabAsset: {fileID: 0}
  serializedVersion: 6
  m_Component:
  - component: {fileID: 8211485346254910902}
  - component: {fileID: 8211485346254910907}
  - component: {fileID: 8211485346254910900}
  - component: {fileID: 8211485346254910901}
  m_Layer: 0
  m_Name: Handle
  m_TagString: Untagged
  m_Icon: {fileID: 0}
  m_NavMeshLayer: 0
  m_StaticEditorFlags: 0
  m_IsActive: 1
--- !u!4 &8211485346254910902
Transform:
  m_ObjectHideFlags: 0
  m_CorrespondingSourceObject: {fileID: 0}
  m_PrefabInstance: {fileID: 0}
  m_PrefabAsset: {fileID: 0}
  m_GameObject: {fileID: 8211485346254910903}
  m_LocalRotation: {x: -0, y: -0, z: 0.1072185, w: 0.99423546}
  m_LocalPosition: {x: -0.5, y: -0.1, z: 0.65}
  m_LocalScale: {x: 0.10000001, y: 0.41000006, z: 0.1}
  m_Children: []
  m_Father: {fileID: 2413064210022450462}
  m_RootOrder: 3
  m_LocalEulerAnglesHint: {x: 0, y: 0, z: 12.31}
--- !u!33 &8211485346254910907
MeshFilter:
  m_ObjectHideFlags: 0
  m_CorrespondingSourceObject: {fileID: 0}
  m_PrefabInstance: {fileID: 0}
  m_PrefabAsset: {fileID: 0}
  m_GameObject: {fileID: 8211485346254910903}
  m_Mesh: {fileID: 10206, guid: 0000000000000000e000000000000000, type: 0}
--- !u!23 &8211485346254910900
MeshRenderer:
  m_ObjectHideFlags: 0
  m_CorrespondingSourceObject: {fileID: 0}
  m_PrefabInstance: {fileID: 0}
  m_PrefabAsset: {fileID: 0}
  m_GameObject: {fileID: 8211485346254910903}
  m_Enabled: 1
  m_CastShadows: 1
  m_ReceiveShadows: 1
  m_DynamicOccludee: 1
  m_MotionVectors: 1
  m_LightProbeUsage: 1
  m_ReflectionProbeUsage: 1
  m_RenderingLayerMask: 1
  m_RendererPriority: 0
  m_Materials:
  - {fileID: 2100000, guid: 40a353f6117398145a3e785d9854de93, type: 2}
  m_StaticBatchInfo:
    firstSubMesh: 0
    subMeshCount: 0
  m_StaticBatchRoot: {fileID: 0}
  m_ProbeAnchor: {fileID: 0}
  m_LightProbeVolumeOverride: {fileID: 0}
  m_ScaleInLightmap: 1
  m_ReceiveGI: 1
  m_PreserveUVs: 0
  m_IgnoreNormalsForChartDetection: 0
  m_ImportantGI: 0
  m_StitchLightmapSeams: 1
  m_SelectedEditorRenderState: 3
  m_MinimumChartSize: 4
  m_AutoUVMaxDistance: 0.5
  m_AutoUVMaxAngle: 89
  m_LightmapParameters: {fileID: 0}
  m_SortingLayerID: 0
  m_SortingLayer: 0
  m_SortingOrder: 0
--- !u!136 &8211485346254910901
CapsuleCollider:
  m_ObjectHideFlags: 0
  m_CorrespondingSourceObject: {fileID: 0}
  m_PrefabInstance: {fileID: 0}
  m_PrefabAsset: {fileID: 0}
  m_GameObject: {fileID: 8211485346254910903}
  m_Material: {fileID: 0}
  m_IsTrigger: 0
  m_Enabled: 1
  m_Radius: 0.5000001
  m_Height: 2
  m_Direction: 1
  m_Center: {x: 0.000000059604645, y: 0, z: -0.00000008940697}
--- !u!1 &8211485346270611294
GameObject:
  m_ObjectHideFlags: 0
  m_CorrespondingSourceObject: {fileID: 0}
  m_PrefabInstance: {fileID: 0}
  m_PrefabAsset: {fileID: 0}
  serializedVersion: 6
  m_Component:
  - component: {fileID: 8211485346270611293}
  - component: {fileID: 8211485346270611234}
  - component: {fileID: 8211485346270611235}
  - component: {fileID: 8211485346270611292}
  m_Layer: 0
  m_Name: Handle
  m_TagString: Untagged
  m_Icon: {fileID: 0}
  m_NavMeshLayer: 0
  m_StaticEditorFlags: 0
  m_IsActive: 1
--- !u!4 &8211485346270611293
Transform:
  m_ObjectHideFlags: 0
  m_CorrespondingSourceObject: {fileID: 0}
  m_PrefabInstance: {fileID: 0}
  m_PrefabAsset: {fileID: 0}
  m_GameObject: {fileID: 8211485346270611294}
  m_LocalRotation: {x: -0, y: -0, z: 0.7071068, w: 0.7071068}
  m_LocalPosition: {x: 0, y: -0.49, z: 0.64}
  m_LocalScale: {x: 0.10000006, y: 0.41000023, z: 0.1}
  m_Children: []
  m_Father: {fileID: 2413064210022450462}
  m_RootOrder: 2
  m_LocalEulerAnglesHint: {x: 0, y: 0, z: 90}
--- !u!33 &8211485346270611234
MeshFilter:
  m_ObjectHideFlags: 0
  m_CorrespondingSourceObject: {fileID: 0}
  m_PrefabInstance: {fileID: 0}
  m_PrefabAsset: {fileID: 0}
  m_GameObject: {fileID: 8211485346270611294}
  m_Mesh: {fileID: 10206, guid: 0000000000000000e000000000000000, type: 0}
--- !u!23 &8211485346270611235
MeshRenderer:
  m_ObjectHideFlags: 0
  m_CorrespondingSourceObject: {fileID: 0}
  m_PrefabInstance: {fileID: 0}
  m_PrefabAsset: {fileID: 0}
  m_GameObject: {fileID: 8211485346270611294}
  m_Enabled: 1
  m_CastShadows: 1
  m_ReceiveShadows: 1
  m_DynamicOccludee: 1
  m_MotionVectors: 1
  m_LightProbeUsage: 1
  m_ReflectionProbeUsage: 1
  m_RenderingLayerMask: 1
  m_RendererPriority: 0
  m_Materials:
  - {fileID: 2100000, guid: 40a353f6117398145a3e785d9854de93, type: 2}
  m_StaticBatchInfo:
    firstSubMesh: 0
    subMeshCount: 0
  m_StaticBatchRoot: {fileID: 0}
  m_ProbeAnchor: {fileID: 0}
  m_LightProbeVolumeOverride: {fileID: 0}
  m_ScaleInLightmap: 1
  m_ReceiveGI: 1
  m_PreserveUVs: 0
  m_IgnoreNormalsForChartDetection: 0
  m_ImportantGI: 0
  m_StitchLightmapSeams: 1
  m_SelectedEditorRenderState: 3
  m_MinimumChartSize: 4
  m_AutoUVMaxDistance: 0.5
  m_AutoUVMaxAngle: 89
  m_LightmapParameters: {fileID: 0}
  m_SortingLayerID: 0
  m_SortingLayer: 0
  m_SortingOrder: 0
--- !u!136 &8211485346270611292
CapsuleCollider:
  m_ObjectHideFlags: 0
  m_CorrespondingSourceObject: {fileID: 0}
  m_PrefabInstance: {fileID: 0}
  m_PrefabAsset: {fileID: 0}
  m_GameObject: {fileID: 8211485346270611294}
  m_Material: {fileID: 0}
  m_IsTrigger: 0
  m_Enabled: 1
  m_Radius: 0.5000001
  m_Height: 2
  m_Direction: 1
  m_Center: {x: 0.000000059604645, y: 0, z: -0.00000008940697}
--- !u!1 &8211485347299903213
GameObject:
  m_ObjectHideFlags: 0
  m_CorrespondingSourceObject: {fileID: 0}
  m_PrefabInstance: {fileID: 0}
  m_PrefabAsset: {fileID: 0}
  serializedVersion: 6
  m_Component:
  - component: {fileID: 8211485347299903212}
  - component: {fileID: 677538902}
  - component: {fileID: 677538903}
  - component: {fileID: 2895900134048490814}
  - component: {fileID: 677538904}
  - component: {fileID: 8358853650935070813}
  m_Layer: 0
  m_Name: Player
  m_TagString: Untagged
  m_Icon: {fileID: 0}
  m_NavMeshLayer: 0
  m_StaticEditorFlags: 0
  m_IsActive: 1
--- !u!4 &8211485347299903212
Transform:
  m_ObjectHideFlags: 0
  m_CorrespondingSourceObject: {fileID: 0}
  m_PrefabInstance: {fileID: 0}
  m_PrefabAsset: {fileID: 0}
  m_GameObject: {fileID: 8211485347299903213}
  m_LocalRotation: {x: 0, y: 0, z: 0, w: 1}
  m_LocalPosition: {x: 0, y: 0, z: 0}
  m_LocalScale: {x: 1, y: 1, z: 1}
  m_Children:
  - {fileID: 8383723552173792675}
  - {fileID: 4965042255886705041}
  m_Father: {fileID: 0}
  m_RootOrder: 0
  m_LocalEulerAnglesHint: {x: 0, y: 0, z: 0}
--- !u!54 &677538902
Rigidbody:
  m_ObjectHideFlags: 0
  m_CorrespondingSourceObject: {fileID: 0}
  m_PrefabInstance: {fileID: 0}
  m_PrefabAsset: {fileID: 0}
  m_GameObject: {fileID: 8211485347299903213}
  serializedVersion: 2
  m_Mass: 1
  m_Drag: 0
  m_AngularDrag: 0.05
  m_UseGravity: 0
  m_IsKinematic: 0
  m_Interpolate: 0
  m_Constraints: 0
  m_CollisionDetection: 0
--- !u!114 &677538903
MonoBehaviour:
  m_ObjectHideFlags: 0
  m_CorrespondingSourceObject: {fileID: 0}
  m_PrefabInstance: {fileID: 0}
  m_PrefabAsset: {fileID: 0}
  m_GameObject: {fileID: 8211485347299903213}
  m_Enabled: 1
  m_EditorHideFlags: 0
  m_Script: {fileID: 11500000, guid: c46a9e5811e62f24ea50db8add1e7b05, type: 3}
  m_Name: 
  m_EditorClassIdentifier: 
  m_MinHorizontalSpeed: 3
  m_MaxHorizontalSpeed: 10
  m_DiveAcceleration: 4
  m_AscensionSpeed: 5
  m_RotationSpeed: 50
  m_MaxTilt: 65
  m_FlyingHeightFloor: -20
  m_FlyingHeightCeiling: 20
--- !u!114 &2895900134048490814
MonoBehaviour:
  m_ObjectHideFlags: 0
  m_CorrespondingSourceObject: {fileID: 0}
  m_PrefabInstance: {fileID: 0}
  m_PrefabAsset: {fileID: 0}
  m_GameObject: {fileID: 8211485347299903213}
  m_Enabled: 1
  m_EditorHideFlags: 0
  m_Script: {fileID: 11500000, guid: 8fbe9d7892af8834b81b1263183acd16, type: 3}
  m_Name: 
  m_EditorClassIdentifier: 
  m_DeltaplaneRenderer: {fileID: 8187831786169073101}
  m_PilotRenderer: {fileID: 2861759389289060630}
--- !u!114 &677538904
MonoBehaviour:
  m_ObjectHideFlags: 0
  m_CorrespondingSourceObject: {fileID: 0}
  m_PrefabInstance: {fileID: 0}
  m_PrefabAsset: {fileID: 0}
  m_GameObject: {fileID: 8211485347299903213}
  m_Enabled: 1
  m_EditorHideFlags: 0
  m_Script: {fileID: 11500000, guid: 02d812fe5b9b052498f07b1d665d6bdb, type: 3}
  m_Name: 
  m_EditorClassIdentifier: 
--- !u!135 &8358853650935070813
SphereCollider:
  m_ObjectHideFlags: 0
  m_CorrespondingSourceObject: {fileID: 0}
  m_PrefabInstance: {fileID: 0}
  m_PrefabAsset: {fileID: 0}
  m_GameObject: {fileID: 8211485347299903213}
  m_Material: {fileID: 0}
  m_IsTrigger: 0
  m_Enabled: 1
  serializedVersion: 2
  m_Radius: 0.5
  m_Center: {x: 0, y: -0.06, z: 0.65}
--- !u!1 &8211485347695155112
GameObject:
  m_ObjectHideFlags: 0
  m_CorrespondingSourceObject: {fileID: 0}
  m_PrefabInstance: {fileID: 0}
  m_PrefabAsset: {fileID: 0}
  serializedVersion: 6
  m_Component:
  - component: {fileID: 8211485347695155119}
  - component: {fileID: 8211485347695155116}
  - component: {fileID: 8211485347695155117}
  - component: {fileID: 8211485347695155118}
  m_Layer: 0
  m_Name: Handle
  m_TagString: Untagged
  m_Icon: {fileID: 0}
  m_NavMeshLayer: 0
  m_StaticEditorFlags: 0
  m_IsActive: 1
--- !u!4 &8211485347695155119
Transform:
  m_ObjectHideFlags: 0
  m_CorrespondingSourceObject: {fileID: 0}
  m_PrefabInstance: {fileID: 0}
  m_PrefabAsset: {fileID: 0}
  m_GameObject: {fileID: 8211485347695155112}
  m_LocalRotation: {x: -0, y: -0, z: -0.10721859, w: 0.99423546}
  m_LocalPosition: {x: 0.5, y: -0.1, z: 0.65}
  m_LocalScale: {x: 0.1, y: 0.41, z: 0.1}
  m_Children: []
  m_Father: {fileID: 2413064210022450462}
  m_RootOrder: 1
  m_LocalEulerAnglesHint: {x: 0, y: 0, z: -12.31}
--- !u!33 &8211485347695155116
MeshFilter:
  m_ObjectHideFlags: 0
  m_CorrespondingSourceObject: {fileID: 0}
  m_PrefabInstance: {fileID: 0}
  m_PrefabAsset: {fileID: 0}
  m_GameObject: {fileID: 8211485347695155112}
  m_Mesh: {fileID: 10206, guid: 0000000000000000e000000000000000, type: 0}
--- !u!23 &8211485347695155117
MeshRenderer:
  m_ObjectHideFlags: 0
  m_CorrespondingSourceObject: {fileID: 0}
  m_PrefabInstance: {fileID: 0}
  m_PrefabAsset: {fileID: 0}
  m_GameObject: {fileID: 8211485347695155112}
  m_Enabled: 1
  m_CastShadows: 1
  m_ReceiveShadows: 1
  m_DynamicOccludee: 1
  m_MotionVectors: 1
  m_LightProbeUsage: 1
  m_ReflectionProbeUsage: 1
  m_RenderingLayerMask: 1
  m_RendererPriority: 0
  m_Materials:
  - {fileID: 2100000, guid: 40a353f6117398145a3e785d9854de93, type: 2}
  m_StaticBatchInfo:
    firstSubMesh: 0
    subMeshCount: 0
  m_StaticBatchRoot: {fileID: 0}
  m_ProbeAnchor: {fileID: 0}
  m_LightProbeVolumeOverride: {fileID: 0}
  m_ScaleInLightmap: 1
  m_ReceiveGI: 1
  m_PreserveUVs: 0
  m_IgnoreNormalsForChartDetection: 0
  m_ImportantGI: 0
  m_StitchLightmapSeams: 1
  m_SelectedEditorRenderState: 3
  m_MinimumChartSize: 4
  m_AutoUVMaxDistance: 0.5
  m_AutoUVMaxAngle: 89
  m_LightmapParameters: {fileID: 0}
  m_SortingLayerID: 0
  m_SortingLayer: 0
  m_SortingOrder: 0
--- !u!136 &8211485347695155118
CapsuleCollider:
  m_ObjectHideFlags: 0
  m_CorrespondingSourceObject: {fileID: 0}
  m_PrefabInstance: {fileID: 0}
  m_PrefabAsset: {fileID: 0}
  m_GameObject: {fileID: 8211485347695155112}
  m_Material: {fileID: 0}
  m_IsTrigger: 0
  m_Enabled: 1
  m_Radius: 0.5000001
  m_Height: 2
  m_Direction: 1
  m_Center: {x: 0.000000059604645, y: 0, z: -0.00000008940697}
--- !u!1001 &8211485346508086893
PrefabInstance:
  m_ObjectHideFlags: 0
  serializedVersion: 2
  m_Modification:
    m_TransformParent: {fileID: 2413064210022450462}
    m_Modifications:
    - target: {fileID: 1313134947382830, guid: 9faf06d2bb3a717438a9adca8f2001cf, type: 3}
      propertyPath: m_Name
      value: SM_Primitive_Pyramid_01
      objectReference: {fileID: 0}
    - target: {fileID: 4443538666886656, guid: 9faf06d2bb3a717438a9adca8f2001cf, type: 3}
      propertyPath: m_LocalPosition.x
      value: 0
      objectReference: {fileID: 0}
    - target: {fileID: 4443538666886656, guid: 9faf06d2bb3a717438a9adca8f2001cf, type: 3}
      propertyPath: m_LocalPosition.y
      value: 0.3
      objectReference: {fileID: 0}
    - target: {fileID: 4443538666886656, guid: 9faf06d2bb3a717438a9adca8f2001cf, type: 3}
      propertyPath: m_LocalPosition.z
      value: 0
      objectReference: {fileID: 0}
    - target: {fileID: 4443538666886656, guid: 9faf06d2bb3a717438a9adca8f2001cf, type: 3}
      propertyPath: m_LocalRotation.x
      value: 0.7071068
      objectReference: {fileID: 0}
    - target: {fileID: 4443538666886656, guid: 9faf06d2bb3a717438a9adca8f2001cf, type: 3}
      propertyPath: m_LocalRotation.y
      value: -0
      objectReference: {fileID: 0}
    - target: {fileID: 4443538666886656, guid: 9faf06d2bb3a717438a9adca8f2001cf, type: 3}
      propertyPath: m_LocalRotation.z
      value: -0
      objectReference: {fileID: 0}
    - target: {fileID: 4443538666886656, guid: 9faf06d2bb3a717438a9adca8f2001cf, type: 3}
      propertyPath: m_LocalRotation.w
      value: 0.7071068
      objectReference: {fileID: 0}
    - target: {fileID: 4443538666886656, guid: 9faf06d2bb3a717438a9adca8f2001cf, type: 3}
      propertyPath: m_RootOrder
      value: 0
      objectReference: {fileID: 0}
    - target: {fileID: 4443538666886656, guid: 9faf06d2bb3a717438a9adca8f2001cf, type: 3}
      propertyPath: m_LocalEulerAnglesHint.x
      value: 90
      objectReference: {fileID: 0}
    - target: {fileID: 4443538666886656, guid: 9faf06d2bb3a717438a9adca8f2001cf, type: 3}
      propertyPath: m_LocalEulerAnglesHint.y
      value: 0
      objectReference: {fileID: 0}
    - target: {fileID: 4443538666886656, guid: 9faf06d2bb3a717438a9adca8f2001cf, type: 3}
      propertyPath: m_LocalEulerAnglesHint.z
      value: 0
      objectReference: {fileID: 0}
    - target: {fileID: 4443538666886656, guid: 9faf06d2bb3a717438a9adca8f2001cf, type: 3}
      propertyPath: m_LocalScale.x
      value: 2.39
      objectReference: {fileID: 0}
    - target: {fileID: 4443538666886656, guid: 9faf06d2bb3a717438a9adca8f2001cf, type: 3}
      propertyPath: m_LocalScale.y
      value: 1.8000009
      objectReference: {fileID: 0}
    - target: {fileID: 4443538666886656, guid: 9faf06d2bb3a717438a9adca8f2001cf, type: 3}
      propertyPath: m_LocalScale.z
      value: 0.22000012
      objectReference: {fileID: 0}
    - target: {fileID: 23656862196097952, guid: 9faf06d2bb3a717438a9adca8f2001cf,
        type: 3}
      propertyPath: m_Materials.Array.data[0]
      value: 
      objectReference: {fileID: 2100000, guid: 3f253adf055b2cc42a20fa9be9d4d589, type: 2}
    - target: {fileID: 64705247076780564, guid: 9faf06d2bb3a717438a9adca8f2001cf,
        type: 3}
      propertyPath: m_Convex
      value: 1
      objectReference: {fileID: 0}
    m_RemovedComponents: []
  m_SourcePrefab: {fileID: 100100000, guid: 9faf06d2bb3a717438a9adca8f2001cf, type: 3}
--- !u!23 &8187831786169073101 stripped
MeshRenderer:
  m_CorrespondingSourceObject: {fileID: 23656862196097952, guid: 9faf06d2bb3a717438a9adca8f2001cf,
    type: 3}
  m_PrefabInstance: {fileID: 8211485346508086893}
  m_PrefabAsset: {fileID: 0}
--- !u!4 &8213095902575429741 stripped
Transform:
  m_CorrespondingSourceObject: {fileID: 4443538666886656, guid: 9faf06d2bb3a717438a9adca8f2001cf,
    type: 3}
  m_PrefabInstance: {fileID: 8211485346508086893}
  m_PrefabAsset: {fileID: 0}
--- !u!1001 &8211485347573200733
PrefabInstance:
  m_ObjectHideFlags: 0
  serializedVersion: 2
  m_Modification:
    m_TransformParent: {fileID: 2413064210022450462}
    m_Modifications:
    - target: {fileID: 6215545185001656678, guid: b92251cec53c12a4ca98e619f908cbaf,
        type: 3}
      propertyPath: m_Name
      value: Pilot
      objectReference: {fileID: 0}
    - target: {fileID: 6215545185001656672, guid: b92251cec53c12a4ca98e619f908cbaf,
        type: 3}
      propertyPath: m_LocalPosition.x
      value: 0
      objectReference: {fileID: 0}
    - target: {fileID: 6215545185001656672, guid: b92251cec53c12a4ca98e619f908cbaf,
        type: 3}
      propertyPath: m_LocalPosition.y
      value: -0.2
      objectReference: {fileID: 0}
    - target: {fileID: 6215545185001656672, guid: b92251cec53c12a4ca98e619f908cbaf,
        type: 3}
      propertyPath: m_LocalPosition.z
      value: -0.6
      objectReference: {fileID: 0}
    - target: {fileID: 6215545185001656672, guid: b92251cec53c12a4ca98e619f908cbaf,
        type: 3}
      propertyPath: m_LocalRotation.x
      value: 0.64938164
      objectReference: {fileID: 0}
    - target: {fileID: 6215545185001656672, guid: b92251cec53c12a4ca98e619f908cbaf,
        type: 3}
      propertyPath: m_LocalRotation.y
      value: -0
      objectReference: {fileID: 0}
    - target: {fileID: 6215545185001656672, guid: b92251cec53c12a4ca98e619f908cbaf,
        type: 3}
      propertyPath: m_LocalRotation.z
      value: -0
      objectReference: {fileID: 0}
    - target: {fileID: 6215545185001656672, guid: b92251cec53c12a4ca98e619f908cbaf,
        type: 3}
      propertyPath: m_LocalRotation.w
      value: 0.76046264
      objectReference: {fileID: 0}
    - target: {fileID: 6215545185001656672, guid: b92251cec53c12a4ca98e619f908cbaf,
        type: 3}
      propertyPath: m_RootOrder
      value: 4
      objectReference: {fileID: 0}
    - target: {fileID: 6215545185001656672, guid: b92251cec53c12a4ca98e619f908cbaf,
        type: 3}
      propertyPath: m_LocalEulerAnglesHint.x
      value: 80.99
      objectReference: {fileID: 0}
    - target: {fileID: 6215545185001656672, guid: b92251cec53c12a4ca98e619f908cbaf,
        type: 3}
      propertyPath: m_LocalEulerAnglesHint.y
      value: 0
      objectReference: {fileID: 0}
    - target: {fileID: 6215545185001656672, guid: b92251cec53c12a4ca98e619f908cbaf,
        type: 3}
      propertyPath: m_LocalEulerAnglesHint.z
      value: 0
      objectReference: {fileID: 0}
    - target: {fileID: 6215545185772400203, guid: b92251cec53c12a4ca98e619f908cbaf,
        type: 3}
      propertyPath: m_Materials.Array.data[0]
      value: 
      objectReference: {fileID: 2100000, guid: 3f253adf055b2cc42a20fa9be9d4d589, type: 2}
    - target: {fileID: 6215545186136138375, guid: b92251cec53c12a4ca98e619f908cbaf,
        type: 3}
      propertyPath: m_IsActive
      value: 0
      objectReference: {fileID: 0}
    - target: {fileID: 6215545185001656679, guid: b92251cec53c12a4ca98e619f908cbaf,
        type: 3}
      propertyPath: m_Controller
      value: 
      objectReference: {fileID: 0}
    - target: {fileID: 6215545185611163043, guid: b92251cec53c12a4ca98e619f908cbaf,
        type: 3}
      propertyPath: m_IsActive
      value: 0
      objectReference: {fileID: 0}
    - target: {fileID: 6215545185358827595, guid: b92251cec53c12a4ca98e619f908cbaf,
        type: 3}
      propertyPath: m_IsActive
      value: 0
      objectReference: {fileID: 0}
    - target: {fileID: 6215545185742669346, guid: b92251cec53c12a4ca98e619f908cbaf,
        type: 3}
      propertyPath: m_LocalRotation.x
      value: -0.5514543
      objectReference: {fileID: 0}
    - target: {fileID: 6215545185742669346, guid: b92251cec53c12a4ca98e619f908cbaf,
        type: 3}
      propertyPath: m_LocalRotation.y
      value: -0.83301604
      objectReference: {fileID: 0}
    - target: {fileID: 6215545185742669346, guid: b92251cec53c12a4ca98e619f908cbaf,
        type: 3}
      propertyPath: m_LocalRotation.z
      value: -0.036138102
      objectReference: {fileID: 0}
    - target: {fileID: 6215545185742669346, guid: b92251cec53c12a4ca98e619f908cbaf,
        type: 3}
      propertyPath: m_LocalRotation.w
      value: 0.026010292
      objectReference: {fileID: 0}
    - target: {fileID: 6215545185742669346, guid: b92251cec53c12a4ca98e619f908cbaf,
        type: 3}
      propertyPath: m_LocalEulerAnglesHint.x
      value: -5.1
      objectReference: {fileID: 0}
    - target: {fileID: 6215545185742669346, guid: b92251cec53c12a4ca98e619f908cbaf,
        type: 3}
      propertyPath: m_LocalEulerAnglesHint.y
      value: -179.8
      objectReference: {fileID: 0}
    - target: {fileID: 6215545185742669346, guid: b92251cec53c12a4ca98e619f908cbaf,
        type: 3}
      propertyPath: m_LocalEulerAnglesHint.z
      value: 67
      objectReference: {fileID: 0}
    - target: {fileID: 6215545185437821442, guid: b92251cec53c12a4ca98e619f908cbaf,
        type: 3}
      propertyPath: m_LocalRotation.x
      value: 0.56165546
      objectReference: {fileID: 0}
    - target: {fileID: 6215545185437821442, guid: b92251cec53c12a4ca98e619f908cbaf,
        type: 3}
      propertyPath: m_LocalRotation.y
      value: 0.34688538
      objectReference: {fileID: 0}
    - target: {fileID: 6215545185437821442, guid: b92251cec53c12a4ca98e619f908cbaf,
        type: 3}
      propertyPath: m_LocalRotation.z
      value: -0.15596534
      objectReference: {fileID: 0}
    - target: {fileID: 6215545185437821442, guid: b92251cec53c12a4ca98e619f908cbaf,
        type: 3}
      propertyPath: m_LocalRotation.w
      value: 0.73477113
      objectReference: {fileID: 0}
    - target: {fileID: 6215545185437821442, guid: b92251cec53c12a4ca98e619f908cbaf,
        type: 3}
      propertyPath: m_LocalEulerAnglesHint.x
      value: 111
      objectReference: {fileID: 0}
    - target: {fileID: 6215545185437821442, guid: b92251cec53c12a4ca98e619f908cbaf,
        type: 3}
      propertyPath: m_LocalEulerAnglesHint.y
      value: -111
      objectReference: {fileID: 0}
    - target: {fileID: 6215545185437821442, guid: b92251cec53c12a4ca98e619f908cbaf,
        type: 3}
      propertyPath: m_LocalEulerAnglesHint.z
      value: -153.4
      objectReference: {fileID: 0}
    m_RemovedComponents: []
  m_SourcePrefab: {fileID: 100100000, guid: b92251cec53c12a4ca98e619f908cbaf, type: 3}
--- !u!137 &2861759389289060630 stripped
SkinnedMeshRenderer:
  m_CorrespondingSourceObject: {fileID: 6215545185772400203, guid: b92251cec53c12a4ca98e619f908cbaf,
    type: 3}
  m_PrefabInstance: {fileID: 8211485347573200733}
  m_PrefabAsset: {fileID: 0}
--- !u!4 &2861759389990463037 stripped
Transform:
  m_CorrespondingSourceObject: {fileID: 6215545185001656672, guid: b92251cec53c12a4ca98e619f908cbaf,
    type: 3}
  m_PrefabInstance: {fileID: 8211485347573200733}
  m_PrefabAsset: {fileID: 0}
